<record><leader>00000cas a22000007a 4500</leader><controlfield tag="001">27696032</controlfield><controlfield tag="008">930309d189319uucauwr ne      0    0eng d</controlfield><datafield ind1=" " ind2=" " tag="010"><subfield code="a">sn 93053041 </subfield></datafield><datafield ind1=" " ind2=" " tag="040"><subfield code="a">CNK</subfield><subfield code="b">eng</subfield><subfield code="c">CNK</subfield><subfield code="d">OCLCQ</subfield><subfield code="d">OCLCF</subfield><subfield code="d">OCLCO</subfield></datafield><datafield ind1="1" ind2=" " tag="029"><subfield code="a">AU@</subfield><subfield code="b">000020735012</subfield></datafield><datafield ind1=" " ind2=" " tag="042"><subfield code="a">msc</subfield></datafield><datafield ind1=" " ind2=" " tag="043"><subfield code="a">n-us-ca</subfield></datafield><datafield ind1="0" ind2="0" tag="245"><subfield code="a">Hanford Kings County sentinel.</subfield></datafield><datafield ind1="3" ind2="0" tag="246"><subfield code="a">Hanford sentinel</subfield></datafield><datafield ind1=" " ind2=" " tag="260"><subfield code="a">Hanford, Kings County, Cal. :</subfield><subfield code="b">Frank L. &amp; Fred A. Dodge</subfield></datafield><datafield ind1=" " ind2=" " tag="300"><subfield code="a">v.</subfield></datafield><datafield ind1=" " ind2=" " tag="310"><subfield code="a">Weekly</subfield></datafield><datafield ind1="0" ind2=" " tag="362"><subfield code="a">Vol. 8, no. 21 (June 15, 1893)-</subfield></datafield><datafield ind1=" " ind2=" " tag="500"><subfield code="a">"Kings County" appears over ornament at center of masthead.</subfield></datafield><datafield ind1=" " ind2=" " tag="515"><subfield code="a">Numbering changed from vol. 26 to 25th year with issue for Feb. 10, 1910.</subfield></datafield><datafield ind1=" " ind2="0" tag="651"><subfield code="a">Kings County (Calif.)</subfield><subfield code="v">Newspapers.</subfield></datafield><datafield ind1=" " ind2="7" tag="655"><subfield code="a">Newspapers.</subfield><subfield code="2">fast</subfield><subfield code="0">(OCoLC)fst01423814</subfield></datafield><datafield ind1=" " ind2="7" tag="651"><subfield code="a">California</subfield><subfield code="z">Kings County.</subfield><subfield code="2">fast</subfield><subfield code="0">(OCoLC)fst01214571</subfield></datafield><datafield ind1=" " ind2=" " tag="752"><subfield code="a">United States</subfield><subfield code="b">California</subfield><subfield code="c">Kings</subfield><subfield code="d">Hanford.</subfield></datafield><datafield ind1="0" ind2=" " tag="775"><subfield code="t">Hanford daily sentinel</subfield><subfield code="w">(DLC)sn 91066450</subfield></datafield><datafield ind1="0" ind2="0" tag="780"><subfield code="t">Hanford sentinel (Hanford, Calif. : 1886)</subfield><subfield code="w">(DLC)sn 93052111</subfield></datafield></record>